% This file was created with JabRef 2.9.2.
% Encoding: Cp1250

@article{synthetic_dt_ai,
author = {Peterson, Ben and Rajuroy, Adam},
year = {2025},
month = {03},
pages = {},
title = {Synthetic Data and Digital Twin Integration for Scalable AI Simulations},
journal ={}
}

@mastersthesis{colonna_thesis,
  title        = {Design and Implementation of a 5G Testbed in a Virtualized Environment},
  author       = {Giovanni Colonni},
  school       = {Politecnico di Torino},
  type         = {Master's Degree Thesis},
  year         = {2022},
  month        = {July},
  address      = {Turin, Italy}
}

@article{ieee_dt_framework,
  author={Sanz Rodrigo, Mario and Rivera, Diego and Moreno, José Ignacio and Àlvarez-Campana, Manuel and López, Diego R.},
  journal={IEEE Access}, 
  title={Digital Twins for 5G Networks: A Modeling and Deployment Methodology}, 
  year={2023},
  volume={11},
  number={},
  pages={38112-38126},
  doi={10.1109/ACCESS.2023.3267548}
}

@article{llm_twin_nature,
  title     = {LLM-Twin: mini-giant model-driven beyond 5G digital twin networking framework with semantic secure communication and computation},
  author    = {Hong, Y. and Wu, J. and Morello, R.},
  journal   = {Scientific Reports},
  volume    = {14},
  pages     = {19065},
  year      = {2024},
  doi       = {10.1038/s41598-024-69474-5},
  url       = {https://doi.org/10.1038/s41598-024-69474-5},
  publisher = {Nature Publishing Group}
}

@inproceedings{app_of_dt,
  author    = {Enders, Martin and Hoßbach, Nadja},
  year      = {2019},
  month     = {08},
  pages     = {},
  title     = {Dimensions of Digital Twin Applications - A Literature Review},
  booktitle = {},
  url = {https://www.researchgate.net/publication/359715537_Dimensions_of_Digital_Twin_Applications_-_A_Literature_Review}
}


@article{classification,
AUTHOR = {Malik, Sumbal and Khan, Manzoor Ahmed and Aadam and El-Sayed, Hesham and Khan, Jalal and Ullah, Obaid},
TITLE = {Implanting Intelligence in 5G Mobile Networks—A Practical Approach},
JOURNAL = {Electronics},
VOLUME = {11},
YEAR = {2022},
NUMBER = {23},
ARTICLE-NUMBER = {3933},
URL = {https://www.mdpi.com/2079-9292/11/23/3933},
DOI = {10.3390/electronics11233933}
}

@inproceedings{whyueransim,
author = {Prasad, Suranga and Munaweera, Pramod and Hewa, Tharaka and Siriwardhana, Yushan and Ylinattila, Mika},
title = {Simulation of IIoT-Driven Attack Vectors on 5G Core Networks: Dataset Generation and Machine Learning Based Detection},
year = {2025},
isbn = {9798400712852},
publisher = {Association for Computing Machinery},
address = {New York, NY, USA},
url = {https://doi.org/10.1145/3703790.3703815},
doi = {10.1145/3703790.3703815},
booktitle = {Proceedings of the 14th International Conference on the Internet of Things},
pages = {184–187},
numpages = {4}
}

@article{lstm,
  author    = {Lai, J. and Chen, Z. and Zhu, J. and Ma, W. and Gan, L. and Xie, S. and Li, G.},
  title     = {Deep Learning Based Traffic Prediction Method for Digital Twin Network},
  journal   = {Cognitive Computation},
  year      = {2023},
  pages     = {1--19},
  note      = {Advance online publication},
  doi       = {10.1007/s12559-023-10136-5},
  url       = {https://doi.org/10.1007/s12559-023-10136-5}
}

@article{selfadapting,
  author={Fernández Maimó, Lorenzo and Perales Gómez, Ángel Luis and García Clemente, Félix J. and Gil Pérez, Manuel and Martínez Pérez, Gregorio},
  journal={IEEE Access}, 
  title={A Self-Adaptive Deep Learning-Based System for Anomaly Detection in 5G Networks}, 
  year={2018},
  volume={6},
  number={},
  pages={7700-7712},
  doi={10.1109/ACCESS.2018.2803446}}

@inproceedings{real_time,
  author={Mozo, Alberto and Karamchandani, Amit and Sanz, Mario and Moreno, Jose Ignacio and Pastor, Antonio},
  booktitle={NOMS 2022-2022 IEEE/IFIP Network Operations and Management Symposium}, 
  title={B5GEMINI: Digital Twin Network for 5G and Beyond}, 
  year={2022},
  volume={},
  number={},
  pages={1-6},
  doi={10.1109/NOMS54207.2022.9789810}}

@article{AplicationsOfDT,
  author  = {Singh, Maulshree and Srivastava, Rupal and Fuenmayor, Evert and Kuts, Vladimir and Qiao, Yuansong and Murray, Niall and Devine, Declan},
  year    = {2022},
  month   = {06},
  pages   = {5727},
  title   = {Applications of Digital Twin across Industries: A Review},
  volume  = {12},
  journal = {Applied Sciences},
  doi     = {10.3390/app12115727}
}