% This file was created with JabRef 2.9.2.
% Encoding: Cp1250

@ARTICLE{ref1,
  author = {Ojala, T. and Pietikainen, M. and Maeenpaa, T.},
  title = {Multiresolution gray-scale and rotation invariant texture classification
	with local binary patterns},
  year = {2002},
  volume = {24},
  number = {7},
  pages = {971-987},
  journal = {IEEE Transactions on Pattern Analysis and Machine Intelligence},
  owner = {dijana},
  timestamp = {2013.12.30}
}

@ARTICLE{ref2,
  author = {Bashar, M. and Noda, K. and Ohnishi, N. and Mori, K.},
  title = {Exploring {D}uplicated {R}egions in {N}atural {I}mages},
  year = {2010},
  note = {accepted for publication},
  journal = {IEEE Transactions on Image Processing},
  owner = {dijana},
  timestamp = {2013.12.30}
}

@ARTICLE{ref3,
  author = {Farid, H.},
  title = {Image forgery detection: {A} survey},
  year = {2009},
  volume = {26},
  number = {2},
  pages = {16-35},
  journal = {IEEE Signal Processing Magazine},
  owner = {dijana},
  timestamp = {2013.12.30}
}

@ARTICLE{ref4,
  author = {Rosin, P. L.},
  title = {Training {C}ellular {A}utomata for {I}mage {P}rocessing},
  year = {2007},
  volume = {15},
  number = {7},
  pages = {2076-20874},
  journal = {IEEE Transaction on image processing},
  owner = {dijana},
  timestamp = {2013.12.30}
}
