# --------------------------------------------------------- Digital Twin ---------------------------------------------------------#
@article{Apolo13,
  author   = {Barricelli, Barbara Rita and Casiraghi, Elena and Fogli, Daniela},
  journal  = {IEEE Access},
  title    = {A Survey on Digital Twin: Definitions, Characteristics, Applications, and Design Implications},
  year     = {2019},
  volume   = {7},
  number   = {},
  pages    = {167653-167671},
  keywords = {Artificial intelligence;Data models;Atmospheric modeling;Military aircraft;Big Data;Sensors;Artificial intelligence;digital twin;human-computer interaction;Internet of Things;machine learning;sensor systems},
  doi      = {10.1109/ACCESS.2019.2953499}
}

  @article{ImportanceOfDT,
  title   = {About The Importance of Autonomy and Digital Twins for the Future of Manufacturing},
  journal = {IFAC-PapersOnLine},
  volume  = {48},
  number  = {3},
  pages   = {567-572},
  year    = {2015},
  note    = {15th IFAC Symposium onInformation Control Problems inManufacturing},
  issn    = {2405-8963},
  doi     = {https://doi.org/10.1016/j.ifacol.2015.06.141},
  url     = {https://www.sciencedirect.com/science/article/pii/S2405896315003808},
  author  = {Roland Rosen and Georg {von Wichert} and George Lo and Kurt D. Bettenhausen}
}

@article{AplicationsOfDT,
  author  = {Singh, Maulshree and Srivastava, Rupal and Fuenmayor, Evert and Kuts, Vladimir and Qiao, Yuansong and Murray, Niall and Devine, Declan},
  year    = {2022},
  month   = {06},
  pages   = {5727},
  title   = {Applications of Digital Twin across Industries: A Review},
  volume  = {12},
  journal = {Applied Sciences},
  doi     = {10.3390/app12115727}
}

@article{5g&beyond,
  author   = {Nguyen, Huan X. and Trestian, Ramona and To, Duc and Tatipamula, Mallik},
  journal  = {IEEE Communications Magazine},
  title    = {Digital Twin for 5G and Beyond},
  year     = {2021},
  volume   = {59},
  number   = {2},
  pages    = {10-15},
  keywords = {5G mobile communication;Digital twin;6G mobile communication;Research and development;Smart manufacturing},
  doi      = {10.1109/MCOM.001.2000343}
}

@article{Kritzinger,
  title   = {Digital Twin in manufacturing: A categorical literature review and classification},
  journal = {IFAC-PapersOnLine},
  volume  = {51},
  number  = {11},
  pages   = {1016-1022},
  year    = {2018},
  note    = {16th IFAC Symposium on Information Control Problems in Manufacturing INCOM 2018},
  issn    = {2405-8963},
  doi     = {https://doi.org/10.1016/j.ifacol.2018.08.474},
  url     = {https://www.sciencedirect.com/science/article/pii/S2405896318316021},
  author  = {Werner Kritzinger and Matthias Karner and Georg Traar and Jan Henjes and Wilfried Sihn}
}

@article{dt-network,
  author     = {Paul Almasan andv Miquel Ferriol Galm{\'{e}}s and Jordi Paillisse and Jos{\'{e}} Su{\'{a}}rez{-}Varela and Diego Perino and
                Diego R. L{\'{o}}pez and Antonio Agustin Pastor Perales and Paul Harvey and Laurent Ciavaglia and Leon Wong and Vishnu Ram and
                Shihan Xiao and Xiang Shi and Xiangle Cheng and Albert Cabellos{-}Aparicio and Pere Barlet{-}Ros},
  title      = {Digital Twin Network: Opportunities and Challenges},
  journal    = {CoRR},
  volume     = {abs/2201.01144},
  year       = {2022},
  url        = {https://arxiv.org/abs/2201.01144},
  eprinttype = {arXiv},
  eprint     = {2201.01144},
  timestamp  = {Mon, 10 Jan 2022 13:39:01 +0100},
  biburl     = {https://dblp.org/rec/journals/corr/abs-2201-01144.bib},
  bibsource  = {dblp computer science bibliography, https://dblp.org}
}

@article{DT:OriginToFuture,
  author  = {Singh, Maulshree and Fuenmayor, Evert and Hinchy, Eoin and Qiao, Yuansong and Murray, Niall and Devine, Declan},
  year    = {2021},
  month   = {05},
  pages   = {36},
  title   = {Digital Twin: Origin to Future},
  volume  = {4},
  journal = {Applied System Innovation},
  doi     = {10.3390/asi4020036}
}

@inproceedings{DimensionOfDTAplication,
  author    = {Enders, Martin and Hoßbach, Nadja},
  year      = {2019},
  month     = {08},
  pages     = {},
  title     = {Dimensions of Digital Twin Applications - A Literature Review},
  booktitle = {}
}
@unpublished{Grieves,
  author = {Grieves, Michael},
  year   = {2016},
  month  = {08},
  pages  = {},
  title  = {Origins of the Digital Twin Concept},
  doi    = {10.13140/RG.2.2.26367.61609},
  note   = {}
}

# --------------------------------------------------------- 5G --------------------------------------------------------- #
@inproceedings{1gto5g,
  author    = {Shahen Shah, A. F. M.},
  booktitle = {2022 IEEE 12th Annual Computing and Communication Workshop and Conference (CCWC)},
  title     = {A Survey From 1G to 5G Including the Advent of 6G: Architectures, Multiple Access Techniques, and Emerging Technologies},
  year      = {2022},
  volume    = {},
  number    = {},
  pages     = {1117-1123},
  keywords  = {6G mobile communication;Cellular networks;Time division multiple access;5G mobile communication;Conferences;3G mobile communication;Computer architecture;5G;6G;cellular network architectures;emerging technologies;massive MIMO;mm-Wave;multiple access techniques;software-defined networking},
  doi       = {10.1109/CCWC54503.2022.9720781}
}

# --------------------------------------------------------- Challenges --------------------------------------------------------- #
## --------------------------------------------------------- DT --------------------------------------------------------- ##
@article{challenges-technol,
  author   = {Fuller, Aidan and Fan, Zhong and Day, Charles and Barlow, Chris},
  journal  = {IEEE Access},
  title    = {Digital Twin: Enabling Technologies, Challenges and Open Research},
  year     = {2020},
  volume   = {8},
  number   = {},
  pages    = {108952-108971},
  keywords = {Smart cities;Data analysis;Manufacturing;Data models;Internet of Things;Computational modeling;Digital twins;applications;enabling technologies;industrial Internet of Things (IIoT);Internet of Things (IoT);machine learning;deep learning;literature review},
  doi      = {10.1109/ACCESS.2020.2998358}
}

@inproceedings{dt-iot,
  author    = {Mudiyanselage, Madara Premawardhana Dassanayake and Sellahewa, Harin},
  booktitle = {2023 7th SLAAI International Conference on Artificial Intelligence (SLAAI-ICAI)},
  title     = {Digital Twins as a Framework for IoT Applications: A Review},
  year      = {2023},
  volume    = {},
  number    = {},
  pages     = {1-6},
  keywords  = {Data security;Decision making;Data integration;Collaboration;Standardization;Real-time systems;Digital twins;Internet of Things;Digital Twins},
  doi       = {10.1109/SLAAI-ICAI59257.2023.10365018}
}

@article{challengesAndApplicationsReview,
  author         = {Botín-Sanabria, Diego M. and Mihaita, Adriana-Simona and Peimbert-García, Rodrigo E. and Ramírez-Moreno, Mauricio A. and Ramírez-Mendoza, Ricardo A. and Lozoya-Santos, Jorge de J.},
  title          = {Digital Twin Technology Challenges and Applications: A Comprehensive Review},
  journal        = {Remote Sensing},
  volume         = {14},
  year           = {2022},
  number         = {6},
  article-number = {1335},
  url            = {https://www.mdpi.com/2072-4292/14/6/1335},
  issn           = {2072-4292},
  doi            = {10.3390/rs14061335}
}

## --------------------------------------------------------- 5G --------------------------------------------------------- #
@article{5g-challenges,
  author   = {Chettri, Lalit and Bera, Rabindranath},
  journal  = {IEEE Internet of Things Journal},
  title    = {A Comprehensive Survey on Internet of Things (IoT) Toward 5G Wireless Systems},
  year     = {2020},
  volume   = {7},
  number   = {1},
  pages    = {16-32},
  keywords = {5G mobile communication;Wireless communication;Internet of Things;Communication system security;Cloud computing;MIMO communication;Industries;Beamforming;cloud;dual connectivity;heterogeneous networks (HetNets);Internet of Things (IoT);low-power wide-area network (LPWAN);machine-type communication (MTC);mm-wave;multiple-input–multiple-output (MIMO);new radio (NR);NOMA;numerology},
  doi      = {10.1109/JIOT.2019.2948888}
}

## --------------------------------------------------------- ML Model --------------------------------------------------------- #
@inproceedings{challenges_human_factor,
  author    = {Singh, Sumit and Shehab, Essam and Higgins, Nigel and Fowler, Kevin and Tomiyama, Tetsuo and Fowler, Chris},
  year      = {2018},
  month     = {10},
  booktitle = {SAE International - Aerospace Systems and Technology Conference 2018, London},
  pages     = {},
  title     = {Challenges of Digital Twin in High Value Manufacturing},
  doi       = {10.4271/2018-01-1928}
}

@misc{Dt_Iot_data_worry_about,
  author       = {Marc-Roger Gagné},
  title        = {Digital Twins, Another Reason to Worry About the IoT and Data Security},
  month        = {may},
  year         = {2022},
  publisher    = {Irish Tech News},
  howpublished = {\url{https://irishtechnews.ie/digital-twins-iot-and-data-security/}}
}

@article{USAirForce,
  title    = {Is Digital Thread/Digital Twin Affordable? A Systemic Assessment of the Cost of DoD’s Latest Manhattan Project},
  journal  = {Procedia Computer Science},
  volume   = {114},
  pages    = {47-56},
  year     = {2017},
  note     = {Complex Adaptive Systems Conference with Theme: Engineering Cyber Physical Systems, CAS October 30 – November 1, 2017, Chicago, Illinois, USA},
  issn     = {1877-0509},
  doi      = {https://doi.org/10.1016/j.procs.2017.09.003},
  url      = {https://www.sciencedirect.com/science/article/pii/S1877050917317970},
  author   = {Timothy D. West and Mark Blackburn},
  keywords = {Affordability, Aircraft, COCOMO, Digital System Model, Digital Thread, Digital Twin, Model-Centric, Software Development}
}

@misc{big-data-problems,
  author    = {Prashant Tyagi and Haluk Demirkan},
  title     = {The biggest big data challenges},
  publisher = {Institute for Operations Research and the Management Sciences},
  month     = {june},
  year      = {2019},
  note      = {Title of the publication associated with this dataset: Nov/Dec 2016}
}

# --------------------------------------------------------- Literature review --------------------------------------------------------- #
@misc{ChinaMobile,
  title        = {China Mobile, ZTE use digital twin to improve lineside 5G},
  author       = {Nick Wood},
  year         = 2024,
  note         = {Accessed: 2024-12-02},
  howpublished = {\url{https://www.telecoms.com/5g-6g/china-mobile-zte-use-digital-twin-to-improve-lineside-5g}}
}

@article{singapur,
  author   = {Jeong, Deuk-Young and Baek, Myung-Sun and Lim, Tae-Beom and Kim, Yong-Woon and Kim, Se-Han and Lee, Yong-Tae and Jung, Woo-Sug and Lee, In-Bok},
  journal  = {IEEE Access},
  title    = {Digital Twin: Technology Evolution Stages and Implementation Layers With Technology Elements},
  year     = {2022},
  volume   = {10},
  number   = {},
  pages    = {52609-52620},
  keywords = {Digital twin;Analytical models;Synchronization;Simulation;Optimization;Data models;Digital twin;digital twin technology evolution;implementation layer;technology elements},
  doi      = {10.1109/ACCESS.2022.3174220}
}

@article{systematicReview,
  author   = {Verdecchia, Roberto and Scommegna, Leonardo and Picano, Benedetta and Becattini, Marco and Vicario, Enrico},
  journal  = {IEEE Access},
  title    = {Network Digital Twins: A Systematic Review},
  year     = {2024},
  volume   = {12},
  number   = {},
  pages    = {145400-145416},
  keywords = {Digital twins;Systematics;Monitoring;Data mining;Wireless communication;Synchronization;Surveys;Systematic literature review;Computer networks;Digital twins;computer networks;systematic literature review},
  doi      = {10.1109/ACCESS.2024.3453034}
}

@misc{huawei2020,
  author       = {{Huawei}},
  title        = {Site Digital Twins Based 5G Digital Engineering Solution},
  year         = {2020},
  month        = {February},
  howpublished = {\url{https://www.huawei.com/en/news/2020/2/site-digital-twins-based-5g-digital-engineering-solution}},
  note         = {Accessed: 2024-12-03}
}

@article{Bristol,
  author   = {Wilson, Paul},
  title    = {State of smart cities in UK and beyond},
  journal  = {IET Smart Cities},
  volume   = {1},
  number   = {1},
  pages    = {19-22},
  keywords = {politics, human resource management, government data processing, smart cities, UK, smart city movement, game-changing potential, political tipping point, leadership, society, information and communication technology, citizen engagement},
  doi      = {https://doi.org/10.1049/iet-smc.2019.0024},
  url      = {https://ietresearch.onlinelibrary.wiley.com/doi/abs/10.1049/iet-smc.2019.0024},
  eprint   = {https://ietresearch.onlinelibrary.wiley.com/doi/pdf/10.1049/iet-smc.2019.0024},
  year     = {2019}
}

# --------------------------------------------------------- ML --------------------------------------------------------- #
@book{Nguyen,
  author    = {Giang Nguyen Thu},
  title     = {Introduction to data science},
  publisher = {Vydavateľstvo SPEKTRUM STU},
  year      = {2022},
  isbn      = {978-80-227-5193-3},
  url       = {https://kis.cvt.stuba.sk/arl-stu/sk/detail-stu_us_cat-0095495-Introduction-to-data-science/}
}

@article{ML_traffic,
  title   = {Machine Learning for Traffic Analysis: A Review},
  journal = {Procedia Computer Science},
  volume  = {170},
  pages   = {911-916},
  year    = {2020},
  note    = {The 11th International Conference on Ambient Systems, Networks and Technologies (ANT) / The 3rd International Conference on Emerging Data and Industry 4.0 (EDI40) / Affiliated Workshops},
  issn    = {1877-0509},
  doi     = {https://doi.org/10.1016/j.procs.2020.03.111},
  url     = {https://www.sciencedirect.com/science/article/pii/S1877050920305494},
  author  = {Nour Alqudah and Qussai Yaseen}
}

## --------------------------------------------------------- Data and Datasets --------------------------------------------------------- #
@inproceedings{data_generating,
  author    = {Chai, Chengliang and Jin, Kasisen and Tang, Nan and Fan, Ju and Qiao, Lianpeng and Wang, Yuping and Luo, Yuyu and Yuan, Ye and Wang, Guoren},
  booktitle = {2024 IEEE 40th International Conference on Data Engineering (ICDE)},
  title     = {Mitigating Data Scarcity in Supervised Machine Learning Through Reinforcement Learning Guided Data Generation},
  year      = {2024},
  volume    = {},
  number    = {},
  pages     = {3613-3626},
  keywords  = {Training;Natural languages;Training data;Reinforcement learning;Semisupervised learning;Data models;Iterative methods;n/a},
  doi       = {10.1109/ICDE60146.2024.00278}
}

@article{datasets_telecom,
  title    = {Traffic prediction for 5G: A deep learning approach based on lightweight hybrid attention networks},
  journal  = {Digital Signal Processing},
  volume   = {146},
  pages    = {104359},
  year     = {2024},
  issn     = {1051-2004},
  doi      = {https://doi.org/10.1016/j.dsp.2023.104359},
  url      = {https://www.sciencedirect.com/science/article/pii/S1051200423004542},
  author   = {Jian Su and Huimin Cai and Zhengguo Sheng and A.X. Liu and Abdullah Baz},
  keywords = {Network traffic prediction, Hybrid attention, Lightweight, 5G network, Integrated sensing, communication and computation (ISCC)}
}